<record><leader>00000cas a2200000 a 4500</leader><controlfield tag="001">17401186</controlfield><controlfield tag="008">880127d19321958wauwr ne      0    0eng d</controlfield><datafield ind1=" " ind2=" " tag="010"><subfield code="a">sn 88085459 </subfield></datafield><datafield ind1=" " ind2=" " tag="040"><subfield code="a">SLZ</subfield><subfield code="b">eng</subfield><subfield code="c">SLZ</subfield><subfield code="d">WAU</subfield><subfield code="d">OCL</subfield><subfield code="d">OCLCQ</subfield><subfield code="d">DLC</subfield><subfield code="d">OCLCF</subfield><subfield code="d">OCLCO</subfield></datafield><datafield ind1="1" ind2=" " tag="029"><subfield code="a">AU@</subfield><subfield code="b">000025818355</subfield></datafield><datafield ind1=" " ind2=" " tag="042"><subfield code="a">msc</subfield></datafield><datafield ind1=" " ind2=" " tag="043"><subfield code="a">n-us-wa</subfield></datafield><datafield ind1="0" ind2=" " tag="130"><subfield code="a">Gazette-commoner (Colfax, Wash.)</subfield></datafield><datafield ind1="0" ind2="4" tag="245"><subfield code="a">The Gazette-commoner.</subfield></datafield><datafield ind1="3" ind2="0" tag="246"><subfield code="a">Gazette commoner</subfield></datafield><datafield ind1="1" ind2="3" tag="246"><subfield code="a">Colfax gazette-commoner</subfield><subfield code="f">&lt;Dec. 27, 1956&gt;-June 26, 1958</subfield></datafield><datafield ind1=" " ind2=" " tag="260"><subfield code="a">Colfax, Wash. :</subfield><subfield code="b">Gazette-Commoner</subfield></datafield><datafield ind1=" " ind2=" " tag="300"><subfield code="a">28 v.</subfield></datafield><datafield ind1=" " ind2=" " tag="310"><subfield code="a">Weekly</subfield></datafield><datafield ind1="0" ind2=" " tag="362"><subfield code="a">55th year (Dec. 16, 1932)-v. 82, no. 26 (June 26, 1958).</subfield></datafield><datafield ind1=" " ind2=" " tag="580"><subfield code="a">Formed by the union of: Colfax commoner, and: Colfax gazette (Colfax, Wash. : 1893).</subfield></datafield><datafield ind1=" " ind2="0" tag="651"><subfield code="a">Colfax (Wash.)</subfield><subfield code="v">Newspapers.</subfield></datafield><datafield ind1=" " ind2="7" tag="655"><subfield code="a">Newspapers.</subfield><subfield code="2">fast</subfield><subfield code="0">(OCoLC)fst01423814</subfield></datafield><datafield ind1=" " ind2="7" tag="651"><subfield code="a">Washington (State)</subfield><subfield code="z">Colfax.</subfield><subfield code="2">fast</subfield><subfield code="0">(OCoLC)fst01232382</subfield></datafield><datafield ind1=" " ind2=" " tag="752"><subfield code="a">United States</subfield><subfield code="b">Washington</subfield><subfield code="c">Whitman</subfield><subfield code="d">Colfax.</subfield></datafield><datafield ind1="1" ind2="4" tag="780"><subfield code="t">Colfax commoner</subfield><subfield code="w">(DLC)sn 88085461</subfield></datafield><datafield ind1="1" ind2="4" tag="780"><subfield code="t">Colfax gazette (Colfax, Wash. : 1893)</subfield><subfield code="x">2157-653X</subfield><subfield code="w">(DLC)sn 88085460</subfield><subfield code="w">(OCoLC)17401202</subfield></datafield><datafield ind1="0" ind2="0" tag="785"><subfield code="t">Colfax gazette (Colfax, Wash. : 1958)</subfield><subfield code="w">(DLC)sn 88085458</subfield><subfield code="w">(OCoLC)17401166</subfield></datafield></record>